@article{ho2019real,
  title={The real-world-weight cross-entropy loss function: Modeling the costs of mislabeling},
  author={Ho, Yaoshiang and Wookey, Samuel},
  journal={IEEE access},
  volume={8},
  pages={4806--4813},
  year={2019},
  doi = {10.1109/ACCESS.2019.2962617},
  publisher={IEEE}
}
@inproceedings{chen2016empirical,
  title={An empirical analysis of algorithmic pricing on amazon marketplace},
  author={Chen, Le and Mislove, Alan and Wilson, Christo},
  booktitle={Proceedings of the 25th international conference on World Wide Web},
  pages={1339--1349},
  year={2016}
}
@article{scrimitore2014quantity,
  title={Quantity competition vs. price competition under optimal subsidy in a mixed oligopoly},
  author={Scrimitore, Marcella},
  journal={Economic Modelling},
  volume={42},
  pages={166--176},
  year={2014},
  publisher={Elsevier}
}
@article{belobaba1989or,
  title={OR practice—application of a probabilistic decision model to airline seat inventory control},
  author={Belobaba, Peter P},
  journal={Operations Research},
  volume={37},
  number={2},
  pages={183--197},
  year={1989},
  publisher={INFORMS}
}
@article{cachon2017role,
  title={The role of surge pricing on a service platform with self-scheduling capacity},
  author={Cachon, Gerard P and Daniels, Kaitlin M and Lobel, Ruben},
  journal={Manufacturing \& Service Operations Management},
  volume={19},
  number={3},
  pages={368--384},
  year={2017},
  publisher={INFORMS}
}
@article{douzas2018improving,
  title={Improving imbalanced learning through a heuristic oversampling method based on k-means and SMOTE},
  author={Douzas, Georgios and Bacao, Fernando and Last, Felix},
  journal={Information sciences},
  volume={465},
  pages={1--20},
  year={2018},
  publisher={Elsevier}
}
@article{angluin1988learning,
  title={Learning from noisy examples},
  author={Angluin, Dana and Laird, Philip},
  journal={Machine learning},
  volume={2},
  pages={343--370},
  year={1988},
  publisher={Springer}
}


@article{gupta2019dealing,
  title={Dealing with noise problem in machine learning data-sets: A systematic review},
  author={Gupta, Shivani and Gupta, Atul},
  journal={Procedia Computer Science},
  volume={161},
  pages={466--474},
  year={2019},
  publisher={Elsevier}
}
@article{chawla2002smote,
  title={SMOTE: synthetic minority over-sampling technique},
  author={Chawla, Nitesh V and Bowyer, Kevin W and Hall, Lawrence O and Kegelmeyer, W Philip},
  journal={Journal of artificial intelligence research},
  volume={16},
  pages={321--357},
  year={2002}
}
@article{harikumar2015k,
  title={K-medoid clustering for heterogeneous datasets},
  author={Harikumar, Sandhya and Surya, PV},
  journal={Procedia Computer Science},
  volume={70},
  pages={226--237},
  year={2015},
  publisher={Elsevier}
}


@article{frenay2013classification,
  title={Classification in the presence of label noise: a survey},
  author={Fr{\'e}nay, Beno{\^\i}t and Verleysen, Michel},
  journal={IEEE transactions on neural networks and learning systems},
  volume={25},
  number={5},
  pages={845--869},
  year={2013},
  publisher={IEEE}
}

@article{kaur2014k,
  title={K-Medoid clustering algorithm-a review},
  author={Kaur, Noor Kamal and Kaur, Usvir and Singh, Dheerendra},
  journal={Int. J. Comput. Appl. Technol},
  volume={1},
  number={1},
  pages={42--45},
  year={2014}
}

@inproceedings{gao2021research,
  title={Research on analysis and prediction of elderly medical satisfaction based on convolutional neural network},
  author={Gao, Jing and Song, Jiayang and Han, Le},
  booktitle={Journal of Physics: Conference Series},
  volume={1944},
  number={1},
  pages={012013},
  year={2021},
  doi={10.1088/1742-6596/1944/1/012013},
  organization={IOP Publishing}
}
@book{elad2010sparse,
  title={Sparse and redundant representations: from theory to applications in signal and image processing},
  author={Elad, Michael},
  year={2010},
  publisher={Springer Science \& Business Media}
}
@book{braga2020fundamentals,
  title={Fundamentals of pattern recognition and machine learning},
  author={Braga-Neto, Ulisses},
  year={2020},
  publisher={Springer}
}

@article{wang2023machine,
  title={Machine learning-enabled risk prediction of chronic obstructive pulmonary disease with unbalanced data},
  author={Wang, Xuchun and Ren, Hao and Ren, Jiahui and Song, Wenzhu and Qiao, Yuchao and Ren, Zeping and Zhao, Ying and Linghu, Liqin and Cui, Yu and Zhao, Zhiyang and others},
  journal={Computer Methods and Programs in Biomedicine},
  volume={230},
  pages={107340},
  year={2023},
  publisher={Elsevier}
}

@article{wang2021review,
  title={Review of classification methods on unbalanced data sets},
  author={Wang, Le and Han, Meng and Li, Xiaojuan and Zhang, Ni and Cheng, Haodong},
  journal={IEEE Access},
  volume={9},
  pages={64606--64628},
  year={2021},
  publisher={IEEE}
}

@article{anggrawan2023improving,
  title={Improving SVM classification performance on unbalanced student graduation time data using SMOTE},
  author={Anggrawan, Anthony and Hairani, Hairani and Satria, Christofer},
  journal={International Journal of Information and Education Technology},
  volume={13},
  number={2},
  pages={289--295},
  year={2023}
}

@article{gupta2023unbalanced,
  title={Unbalanced credit card fraud detection data: a machine learning-oriented comparative study of balancing techniques},
  author={Gupta, Palak and Varshney, Anmol and Khan, Mohammad Rafeek and Ahmed, Rafeeq and Shuaib, Mohammed and Alam, Shadab},
  journal={Procedia Computer Science},
  volume={218},
  pages={2575--2584},
  year={2023},
  publisher={Elsevier}
}

@article{kitsios2022user,
  title={User-Generated Content behavior and digital tourism services: A SEM-neural network model for information trust in social networking sites},
  author={Kitsios, Fotis and Mitsopoulou, Eleftheria and Moustaka, Eleni and Kamariotou, Maria},
  journal={International Journal of Information Management Data Insights},
  volume={2},
  number={1},
  pages={100056},
  year={2022},
  doi={10.1016/j.jjimei.2021.100056},
  publisher={Elsevier}
}

@article{bolanos2024clustering,
title = {Clustering pipeline for vehicle behavior in smart villages},
journal = {Information Fusion},
volume = {104},
pages = {102164},
year = {2024},
issn = {1566-2535},
doi = {10.1016/j.inffus.2023.102164},
author = {Daniel Bolaños-Martinez and Maria Bermudez-Edo and Jose Luis Garrido}
}

@article{mansouri2023iot,
  title={IoT data quality issues and potential solutions: a literature review},
  author={Mansouri, Taha and Sadeghi Moghadam, Mohammad Reza and Monshizadeh, Fatemeh and Zareravasan, Ahad},
  journal={The Computer Journal},
  volume={66},
  number={3},
  pages={615--625},
  year={2023},
  publisher={Oxford University Press}
}

@article{gao2021forecast,
  title={Forecast model of perceived demand of museum tourists based on neural network integration},
  author={Gao, Yuan},
  journal={Neural Computing and Applications},
  volume={33},
  pages={625--635},
  year={2021},
  doi={10.1007/s00521-020-05012-4},
  publisher={Springer}
}

@article{kumar2023synthetic,
  title={Synthetic attack data generation model applying generative adversarial network for intrusion detection},
  author={Kumar, Vikash and Sinha, Ditipriya},
  journal={Computers \& Security},
  volume={125},
  pages={103054},
  year={2023},
  publisher={Elsevier}
}

@inproceedings{wan2017variational,
  title={Variational autoencoder based synthetic data generation for imbalanced learning},
  author={Wan, Zhiqiang and Zhang, Yazhou and He, Haibo},
  booktitle={2017 IEEE symposium series on computational intelligence (SSCI)},
  pages={1--7},
  year={2017},
  organization={IEEE}
}

@article{ahsan2023bsgan,
  title={Bsgan: A novel oversampling technique for imbalanced pattern recognitions},
  author={Ahsan, Md Manjurul and Raman, Shivakumar and Siddique, Zahed},
  journal={arXiv preprint arXiv:2305.09777},
  year={2023}
}
@article{li2021sp,
  title={SP-SMOTE: A novel space partitioning based synthetic minority oversampling technique},
  author={Li, Yihong and Wang, Yunpeng and Li, Tao and Li, Beibei and Lan, Xiaolong},
  journal={Knowledge-Based Systems},
  volume={228},
  pages={107269},
  year={2021},
  publisher={Elsevier}
}

@article{fawcett2006introduction,
  title={An introduction to ROC analysis},
  author={Fawcett, Tom},
  journal={Pattern recognition letters},
  volume={27},
  number={8},
  pages={861--874},
  year={2006},
  publisher={Elsevier}
}

@inproceedings{aggarwal2001surprising,
  title={On the surprising behavior of distance metrics in high dimensional space},
  author={Aggarwal, Charu C and Hinneburg, Alexander and Keim, Daniel A},
  booktitle={Database Theory—ICDT 2001: 8th International Conference London, UK, January 4--6, 2001 Proceedings 8},
  pages={420--434},
  year={2001},
  organization={Springer}
}

@article{tarawneh2022stop,
  title={Stop oversampling for class imbalance learning: A review},
  author={Tarawneh, Ahmad S and Hassanat, Ahmad B and Altarawneh, Ghada Awad and Almuhaimeed, Abdullah},
  journal={IEEE Access},
  volume={10},
  pages={47643--47660},
  year={2022},
  publisher={IEEE}
}

@article{el2023optimal,
  title={Optimal entropy genetic fuzzy-C-means SMOTE (OEGFCM-SMOTE)},
  author={El Moutaouakil, Karim and Roudani, Mouhamed and El Ouissari, Abdellatif},
  journal={Knowledge-Based Systems},
  volume={262},
  pages={110235},
  year={2023},
  publisher={Elsevier}
}
@article{grimm2010social,
  title={Social desirability bias},
  author={Grimm, Pamela},
  journal={Wiley international encyclopedia of marketing},
  year={2010},
  publisher={John Wiley \& Sons, Ltd Chichester, UK}
}

@article{wei2022improved,
  title={An improved and random synthetic minority oversampling technique for imbalanced data},
  author={Wei, Guoliang and Mu, Weimeng and Song, Yan and Dou, Jun},
  journal={Knowledge-based systems},
  volume={248},
  pages={108839},
  year={2022},
  publisher={Elsevier}
}


@article{he2009learning,
  title={Learning from imbalanced data},
  author={He, Haibo and Garcia, Edwardo A},
  journal={IEEE Transactions on knowledge and data engineering},
  volume={21},
  number={9},
  pages={1263--1284},
  year={2009},
  publisher={Ieee}
}

@article{eom2023searching,
  title={Searching for Optimal Oversampling to Process Imbalanced Data: Generative Adversarial Networks and Synthetic Minority Over-Sampling Technique},
  author={Eom, Gayeong and Byeon, Haewon},
  journal={Mathematics},
  volume={11},
  number={16},
  pages={3605},
  year={2023},
  publisher={MDPI}
}

@article{deng2021oversampling,
  title={An oversampling method for multi-class imbalanced data based on composite weights},
  author={Deng, Mingyang and Guo, Yingshi and Wang, Chang and Wu, Fuwei},
  journal={PloS one},
  volume={16},
  number={11},
  pages={e0259227},
  year={2021},
  publisher={Public Library of Science San Francisco, CA USA}
}

@article{wongvorachan2023comparison,
  title={A comparison of undersampling, oversampling, and SMOTE methods for dealing with imbalanced classification in educational data mining},
  author={Wongvorachan, Tarid and He, Surina and Bulut, Okan},
  journal={Information},
  volume={14},
  number={1},
  pages={54},
  year={2023},
  publisher={MDPI}
}

@article{kosolwattana2023self,
  title={A self-inspected adaptive SMOTE algorithm (SASMOTE) for highly imbalanced data classification in healthcare},
  author={Kosolwattana, Tanapol and Liu, Chenang and Hu, Renjie and Han, Shizhong and Chen, Hua and Lin, Ying},
  journal={BioData Mining},
  volume={16},
  number={1},
  pages={15},
  year={2023},
  publisher={Springer}
}

@article{douzas2018improving,
  title={Improving imbalanced learning through a heuristic oversampling method based on k-means and SMOTE},
  author={Douzas, Georgios and Bacao, Fernando and Last, Felix},
  journal={Information sciences},
  volume={465},
  pages={1--20},
  year={2018},
  publisher={Elsevier}
}

@article{aguiar2023survey,
  title={A survey on learning from imbalanced data streams: taxonomy, challenges, empirical study, and reproducible experimental framework},
  author={Aguiar, Gabriel and Krawczyk, Bartosz and Cano, Alberto},
  journal={Machine learning},
  pages={1--79},
  year={2023},
  publisher={Springer}
}

@article{werner2023imbalanced,
  title={Imbalanced data preprocessing techniques for machine learning: a systematic mapping study},
  author={Werner de Vargas, Vitor and Schneider Aranda, Jorge Arthur and dos Santos Costa, Ricardo and da Silva Pereira, Paulo Ricardo and Vict{\'o}ria Barbosa, Jorge Luis},
  journal={Knowledge and Information Systems},
  volume={65},
  number={1},
  pages={31--57},
  year={2023},
  publisher={Springer}
}

@article{menardi2014training,
  title={Training and assessing classification rules with imbalanced data},
  author={Menardi, Giovanna and Torelli, Nicola},
  journal={Data mining and knowledge discovery},
  volume={28},
  pages={92--122},
  year={2014},
  publisher={Springer}
}

@article{nemade2023comprehensive,
  title={A Comprehensive Review: SMOTE-Based Oversampling Methods for Imbalanced Classification Techniques, Evaluation, and Result Comparisons},
  author={Nemade, Bhushankumar and Bharadi, Vinayak and Alegavi, Sujata S and Marakarkandy, Bijith},
  journal={International Journal of Intelligent Systems and Applications in Engineering},
  volume={11},
  number={9s},
  pages={790--803},
  year={2023}
}

@inproceedings{han2005borderline,
  title={Borderline-SMOTE: a new over-sampling method in imbalanced data sets learning},
  author={Han, Hui and Wang, Wen-Yuan and Mao, Bing-Huan},
  booktitle={International conference on intelligent computing},
  pages={878--887},
  year={2005},
  organization={Springer}
}

@inproceedings{he2008adasyn,
  title={ADASYN: Adaptive synthetic sampling approach for imbalanced learning},
  author={He, Haibo and Bai, Yang and Garcia, Edwardo A and Li, Shutao},
  booktitle={2008 IEEE international joint conference on neural networks (IEEE world congress on computational intelligence)},
  pages={1322--1328},
  year={2008},
  organization={Ieee}
}

@article{ma2017cure,
  title={CURE-SMOTE algorithm and hybrid algorithm for feature selection and parameter optimization based on random forests},
  author={Ma, Li and Fan, Suohai},
  journal={BMC bioinformatics},
  volume={18},
  pages={1--18},
  year={2017},
  publisher={Springer}
}
@inproceedings{witten2005practical,
  title={Practical machine learning tools and techniques},
  author={Witten, Ian H and Frank, Eibe and Hall, Mark A and Pal, Christopher J and Data, Mining},
  booktitle={Data mining},
  volume={2},
  number={4},
  pages={403--413},
  year={2005},
  organization={Elsevier Amsterdam, The Netherlands}
}
@inproceedings{ponnala2023hybrid,
  title={Hybrid Model to Address Class Imbalance Problems in Software Defect Prediction using Advanced Computing Technique},
  author={Ponnala, Ramesh and Reddy, CRK},
  booktitle={2023 2nd International Conference on Applied Artificial Intelligence and Computing (ICAAIC)},
  pages={1115--1122},
  year={2023},
  organization={IEEE}
}

@dataset{duran_lopez_2024,
  author       = {Durán-López, Alberto and
                  Bolaños-Martinez, Daniel and
                  Bermudez-Edo, Maria and
                  Delgado-Márquez, Blanca L. and
                  Aragon-Correa, Juan Alberto},
  title        = {Smart Poqueira: Predicting Rural Parking Lot 
                   Feasibility with Sensor-Questionnaire Integration},
  month = {may},
  year         = {2024},
  publisher    = {Zenodo},
  doi          = {10.5281/zenodo.11112791}
}

@article{wang2021machine,
  title={Machine learning-assisted immune profiling stratifies peri-implantitis patients with unique microbial colonization and clinical outcomes},
  author={Wang, Chin-Wei and Hao, Yuning and Di Gianfilippo, Riccardo and Sugai, James and Li, Jiaqian and Gong, Wang and Kornman, Kenneth S and Wang, Hom-Lay and Kamada, Nobuhiko and Xie, Yuying and others},
  journal={Theranostics},
  volume={11},
  number={14},
  pages={6703},
  year={2021},
  publisher={Ivyspring International Publisher}
}

@article{shukla2020dwara,
  title={Dwara: A deep learning-based dynamic toll pricing scheme for intelligent transportation systems},
  author={Shukla, Arpit and Bhattacharya, Pronaya and Tanwar, Sudeep and Kumar, Neeraj and Guizani, Mohsen},
  journal={IEEE Transactions on Vehicular Technology},
  volume={69},
  number={11},
  pages={12510--12520},
  year={2020},
  publisher={IEEE}
}

@article{maulidevi2022smote,
  title={SMOTE-LOF for noise identification in imbalanced data classification},
  author={Maulidevi, Nur Ulfa and Surendro, Kridanto and others},
  journal={Journal of King Saud University-Computer and Information Sciences},
  volume={34},
  number={6},
  pages={3413--3423},
  year={2022},
  publisher={Elsevier}
}

@article{bao2022variational,
  title={Variational autoencoder or generative adversarial networks? A comparison of two deep learning methods for flow and transport data assimilation},
  author={Bao, Jichao and Li, Liangping and Davis, Arden},
  journal={Mathematical Geosciences},
  volume={54},
  number={6},
  pages={1017--1042},
  year={2022},
  publisher={Springer}
}

@article{guan2023transformer,
  title={Transformer fault diagnosis method based on TLR-ADASYN balanced dataset},
  author={Guan, Shan and Yang, Haiqi and Wu, Tongyu},
  journal={Scientific Reports},
  volume={13},
  number={1},
  pages={23010},
  year={2023},
  publisher={Nature Publishing Group UK London}
}

@article{el2023improving,
  title={Improving Deep Learning Performance Using Sampling Techniques for IoT Imbalanced Data},
  author={EL HARIRI, Ayyoub and MOUITI, Mohammed and HABIBI, Omar and LAZAAR, Mohamed},
  journal={Procedia Computer Science},
  volume={224},
  pages={180--187},
  year={2023},
  publisher={Elsevier}
}

@article{tian2023unbalanced,
  title={Unbalanced regression sample generation algorithm based on confrontation},
  author={Tian, Huixin and Tian, Chunzhi and Li, Kun and Jia, Weinan},
  journal={Information Sciences},
  volume={642},
  pages={119157},
  year={2023},
  publisher={Elsevier}
}

@article{zhou2020deep,
  title={Deep learning fault diagnosis method based on global optimization GAN for unbalanced data},
  author={Zhou, Funa and Yang, Shuai and Fujita, Hamido and Chen, Danmin and Wen, Chenglin},
  journal={Knowledge-Based Systems},
  volume={187},
  pages={104837},
  year={2020},
  publisher={Elsevier}
}

@article{chuang2023b,
  title={B-VAE: a new dataset balancing approach using batched Variational AutoEncoders to enhance network intrusion detection},
  author={Chuang, Po-Jen and Huang, Pang-Yu},
  journal={The Journal of Supercomputing},
  volume={79},
  number={12},
  pages={13262--13286},
  year={2023},
  publisher={Springer}
}


@article{buhalis2020technology,
  title={Technology in tourism-from information communication technologies to eTourism and smart tourism towards ambient intelligence tourism: a perspective article},
  author={Buhalis, Dimitrios},
  journal={Tourism Review},
  volume={75},
  number={1},
  pages={267--272},
  year={2020},
  publisher={Emerald Publishing Limited}
}

@article{kumar2022systematic,
  title={A systematic review of stock market prediction using machine learning and statistical techniques},
  author={Kumar, Deepak and Sarangi, Pradeepta Kumar and Verma, Rajit},
  journal={Materials Today: Proceedings},
  volume={49},
  pages={3187--3191},
  year={2022},
  publisher={Elsevier}
}

@inproceedings{garcia2020cnn,
  title={A CNN-LSTM deep Learning classifier for motor imagery EEG detection using a low-invasive and low-Cost BCI headband},
  author={Garcia-Moreno, Francisco M and Bermudez-Edo, Maria and Rodr{\'\i}guez-F{\'o}rtiz, Mar{\'\i}a Jos{\'e} and Garrido, Jos{\'e} Luis},
  booktitle={2020 16th international conference on intelligent environments (IE)},
  pages={84--91},
  year={2020},
  organization={IEEE}
}

@article{lokanan2022fraud,
  title={Fraud prediction using machine learning: The case of investment advisors in Canada},
  author={Lokanan, Mark Eshwar and Sharma, Kush},
  journal={Machine Learning with Applications},
  volume={8},
  pages={100269},
  year={2022},
  publisher={Elsevier}
}

@article{bao2023two,
  title={Two novel SMOTE methods for solving imbalanced classification problems},
  author={Bao, Yuan and Yang, Sibo},
  journal={IEEE Access},
  volume={11},
  pages={5816--5823},
  year={2023},
  publisher={IEEE}
}

@article{sharma2022smotified,
  title={SMOTified-GAN for class imbalanced pattern classification problems},
  author={Sharma, Anuraganand and Singh, Prabhat Kumar and Chandra, Rohitash},
  journal={Ieee Access},
  volume={10},
  pages={30655--30665},
  year={2022},
  publisher={IEEE}
}

@article{zhu2023automatic,
  title={An automatic identification method of imbalanced lithology based on Deep Forest and K-means SMOTE},
  author={Zhu, Xinyi and Zhang, Hongbing and Ren, Quan and Zhang, Dailu and Zeng, Fanxing and Zhu, Xinjie and Zhang, Lingyuan},
  journal={Geoenergy Science and Engineering},
  volume={224},
  pages={211595},
  year={2023},
  publisher={Elsevier}
}

@article{liang2020lr,
  title={LR-SMOTE—An improved unbalanced data set oversampling based on K-means and SVM},
  author={Liang, XW and Jiang, AP and Li, Tao and Xue, YY and Wang, GT},
  journal={Knowledge-Based Systems},
  volume={196},
  pages={105845},
  year={2020},
  publisher={Elsevier}
}

@inproceedings{wang2022two,
  title={Two-channel vae-gan based image-to-video translation},
  author={Wang, Shengli and Xieshi, Mulin and Zhou, Zhangpeng and Zhang, Xiang and Liu, Xujie and Tang, Zeyi and Dai, Yuxing and Xu, Xuexin and Lin, Pingyuan},
  booktitle={International Conference on Intelligent Computing},
  pages={430--443},
  year={2022},
  organization={Springer}
}

@inproceedings{kiran2023comparative,
  title={A comparative analysis of gan and vae based synthetic data generators for high dimensional, imbalanced tabular data},
  author={Kiran, A and Kumar, S Saravana},
  booktitle={2023 2nd International Conference for Innovation in Technology (INOCON)},
  pages={1--6},
  year={2023},
  organization={IEEE}
}

@article{dablain2022deepsmote,
  title={DeepSMOTE: Fusing deep learning and SMOTE for imbalanced data},
  author={Dablain, Damien and Krawczyk, Bartosz and Chawla, Nitesh V},
  journal={IEEE Transactions on Neural Networks and Learning Systems},
  year={2022},
  publisher={IEEE}
}

@article{elreedy2023theoretical,
  title={A theoretical distribution analysis of synthetic minority oversampling technique (SMOTE) for imbalanced learning},
  author={Elreedy, Dina and Atiya, Amir F and Kamalov, Firuz},
  journal={Machine Learning},
  pages={1--21},
  year={2023},
  publisher={Springer}
}

@article{whang2023data,
  title={Data collection and quality challenges in deep learning: A data-centric ai perspective},
  author={Whang, Steven Euijong and Roh, Yuji and Song, Hwanjun and Lee, Jae-Gil},
  journal={The VLDB Journal},
  volume={32},
  number={4},
  pages={791--813},
  year={2023},
  publisher={Springer}
}

@inproceedings{jain2020overview,
  title={Overview and importance of data quality for machine learning tasks},
  author={Jain, Abhinav and Patel, Hima and Nagalapatti, Lokesh and Gupta, Nitin and Mehta, Sameep and Guttula, Shanmukha and Mujumdar, Shashank and Afzal, Shazia and Sharma Mittal, Ruhi and Munigala, Vitobha},
  booktitle={Proceedings of the 26th ACM SIGKDD international conference on knowledge discovery \& data mining},
  pages={3561--3562},
  year={2020}
}

@article{aburayya2023sem,
  title={SEM-machine learning-based model for perusing the adoption of metaverse in higher education in UAE},
  author={Aburayya, Ahmad and Salloum, S and Alderbashi, K and Shwedeh, Fanar and Shaalan, Yara and Alfaisal, Raghad and Malaka, S and Shaalan, Khaled},
  journal={International Journal of Data and Network Science},
  volume={7},
  number={2},
  pages={667--676},
  year={2023}
}


@article{das2023patient,
  title={Patient questionnaires based Parkinson’s disease classification using artificial neural network},
  author={Das, Tarakashar and Mobassirin, Sabrina and Hossain, Syed Md Minhaz and Das, Aka and Sen, Anik and Kamal, Khaleque Md Aashiq and Deb, Kaushik},
  journal={Annals of Data Science},
  pages={1--44},
  year={2023},
  doi={10.1007/s40745-023-00482-4},
  publisher={Springer}
}

@article{sinuany2021forecasting,
  title={Forecasting methods in higher education: An overview},
  author={Sinuany-Stern, Zilla},
  journal={Handbook of Operations Research and Management Science in Higher Education},
  pages={131--157},
  year={2021},
  doi={10.1007/978-3-030-74051-1_5},
  publisher={Springer}
}

@article{bujang2021multiclass,
  title={Multiclass prediction model for student grade prediction using machine learning},
  author={Bujang, Siti Dianah Abdul and Selamat, Ali and Ibrahim, Roliana and Krejcar, Ondrej and Herrera-Viedma, Enrique and Fujita, Hamido and Ghani, Nor Azura Md},
  journal={IEEE Access},
  volume={9},
  pages={95608--95621},
  year={2021},
  doi={10.1109/ACCESS.2021.3093563},
  publisher={IEEE}
}

@article{lever2016classification,
author = {Lever, Jake and Krzywinski, Martin and Altman, Naomi},
year = {2016},
month = {07},
pages = {603-604},
title = {Points of Significance: Classification evaluation},
volume = {13},
journal = {Nature Methods},
doi = {10.1038/nmeth.3945}
}

@inproceedings{wardhani2019cross,
  title={Cross-validation metrics for evaluating classification performance on imbalanced data},
  author={Wardhani, Ni Wayan Surya and Rochayani, Masithoh Yessi and Iriany, Atiek and Sulistyono, Agus Dwi and Lestantyo, Prayudi},
  booktitle={2019 international conference on computer, control, informatics and its applications (IC3INA)},
  pages={14--18},
  year={2019},
  doi={10.1109/IC3INA48034.2019.8949568},
  organization={IEEE}
}

@article{gupta2020class,
  title={Class-weighted evaluation metrics for imbalanced data classification},
  author={Gupta, Akhilesh and Tatbul, Nesime and Marcus, Ryan and Zhou, Shengtian and Lee, Insup and Gottschlich, Justin},
  journal={arXiv preprint arXiv:2010.05995},
  year={2020}
}

@article{KOVACS2019352,
title = {Smote-variants: A python implementation of 85 minority oversampling techniques},
journal = {Neurocomputing},
volume = {366},
pages = {352-354},
year = {2019},
issn = {0925-2312},
doi = {https://doi.org/10.1016/j.neucom.2019.06.100},
url = {https://www.sciencedirect.com/science/article/pii/S0925231219311622},
author = {György Kovács},
keywords = {Imbalanced learning, SMOTE, Synthetic minority oversampling, Python, Smote-variants},
abstract = {Imbalanced classification problems are definitely around He and Gracia (2009), and a successful approach to avoid the overfitting of majority classes is the synthetic generation of minority training samples Fernandez et al. (2018). Despite the large number of minority oversampling algorithms proposed, open source implementations are available for only a handful of techniques. The package smote-variants provides a Python implementation of 85 oversampling techniques to boost the applications and development in the field of imbalanced learning. The source code, documentation and examples are available in the GitHub repository http://github.com/gykovacs/smote_variants/.}
}